2959 4950
470 666 927 789 roirsosr

493 992 496 997 ,
545 915 846 981 PRAEFAmo
958 970 961 975 .

687 1122 721 1152 An

97 1265 101 1277 ’
195 1201 635 1417 οκΑΤιοΝΕΜ
683 1257 1226 1385 υκιιουΤΗΕΝιυ

420 1507 619 1571 CONTRA
642 1508 981 1573 THEOCRINEM.

160 1690 185 1753 Α
200 1710 375 1753 numium
386 1694 541 1771 judic'atur
556 1696 621 1755 haec
632 1696 744 1755 vOratio
757 1704 862 1755 contra
874 1696 1071 1755 Theocrinenr
1087 1715 1145 1753 non
1160 1715 1178 1754 u
1193 1696 1265 1757 Des·

160 1788 321 1869 mosthene,
337 1808 437 1847 verum
453 1808 469 1846 a
484 1788 637 1849 Dinarcho
652 1788 744 1848 fuisse
764 1789 944 1867 conscripta.
989 1788 1042 1847 Uti
1057 1787 1162 1847 vides
1153 1809 1183 1847 rn
1198 1791 1255 1848 Ar·

160 1866 310 1958 gdmcnlo.
350 1883 575 1965 Harpocratio
568 1903 597 1941 ln
617 1903 644 1942 v.
664 1885 837 1961 Ἀγραφίου·
850 1881 1058 1941 -ὃιόἆσκουσι
1076 1880 1153 1940 τοῦθ’
1169 1884 1257 1949 οὕτως

154 1963 233 2053 4εχειν
247 1973 434 2053 Δημοσθένης
449 2000 477 2033 τε
491 2000 537 2035 και
529 1978 708 2053 Δείναρχος
721 1974 893 2049 (Rescribes
906 1973 1092 2054 Δημοσθένης
1109 1998 1148 2044 τε,
1162 2000 1180 2043 η
1164 1971 1265 2032 deest.

162 2067 312 2145 ναρχος)’
301 2091 332 2124 εν
354 2073 390 2147 τῷ
414 2073 484 2127 κατὰ
505 2069 668 2184 Θεοκρίνου,
689 2092 713 2128 κ.
733 2094 759 2129 τ.
779 2074 808 2128 λ.
853 2070 1051 2145 iterumque
1044 2088 1074 2126 ln
1095 2068 1256 2144 Θεοκρίνης

160 2160 378 2241 Δηροσὲένης’
367 2186 397 2219 εν
419 2166 455 2241 τῷ
478 2162 553 2241 ὑπὲρ,
570 2162 772 2242 Κτησιφῶντος
795 2162 1006 2274 λοιδορούμενος
1031 2163 1160 2245 Αἰσχίνη
1181 2163 1259 2239 φησὶ,

160 2256 290 2332 τραγικὸς
311 2254 474 2333 Θεοκρίνης.
496 2255 631 2330 βούλεται
652 2256 681 2315 δὲ
702 2261 800 2330 λέγειν
821 2255 907 2313 αὑτὸν
930 2257 1116 2333 συκοφάντην,
1131 2255 1256 2324 ἐπειδὴ
1243 2280 1260 2312 o

158 2347 306 2427 Θεοκρίνης
322 2358 455 2421 τοιοῦτος,
470 2354 507 2417 ως
521 2376 582 2409 εστι
597 2351 714 2420 δῆλον’
702 2374 732 2407 εκ
753 2358 801 2409 τοῦ
822 2353 892 2407 κατὰ
889 2348 1075 2466 Θεοκρίνου,
1101 2349 1177 2407 ε’ίτε
1198 2346 1261 2421 Δη·

157 2442 357 2516 μοσθένους
385 2427 497 2521 ἐστίν,
526 2446 600 2504 stre
627 2442 843 2522 Δεινάρχου,
872 2438 952 2508 ουτος
977 2443 992 2500 ὁ
1021 2443 1139 2517 λόγος·
1172 2440 1267 2500 Parin

158 2535 246 2594 hahet
268 2537 407 2612 Apostol
423 2537 562 2597 Pro'verb.
585 2537 672 2595 XlX.
687 2543 738 2596 49.
781 2537 873 2595 Porro
888 2535 1049 2615 Dionysius
1071 2536 1259 2595 Halicarnas-

158 2629 247 2688 sensis
263 2626 415 2686 Dinarcho
431 2629 538 2686 diserte
561 2631 709 2700 attribuit,
731 2629 812 2690 Edit.
833 2629 972 2690 Hudson.
987 2651 1019 2708 p.
1033 2632 1128 2690 186.
1120 2650 1149 2688 ιιι
1164 2650 1200 2688 eo
1213 2630 1261 2689 di—

158 2741 257 2782 versus
273 2741 292 2778 a
307 2721 501 2790 Callimacho,
519 2723 603 2796 quia
621 2721 824 2780 Demosthene
847 2723 937 2780 scribi
960 2722 1125 2782 contendit.
1168 2723 1258 2791 Quod

160 2835 228 2873 sone
240 2812 386 2872 excidisse
399 2814 580 2878 Callimacho
592 2814 676 2871 valde
685 2813 789 2884 miror,
800 2834 867 2873 cum
880 2815 1019 2893 nonnulla
1028 2816 1167 2875 dicuntur
1175 2817 1261 2890 inim,

159 2907 197 2964 ad
214 2909 381 2964 Auctorem·
396 2916 528 2966 nostrum
546 2907 721 2984 spectantia,
738 2926 808 2984 quae
820 2925 907 2966 nemo
921 2907 959 2965 de
974 2928 1005 2966 sc
1023 2909 1128 2968 lubens
1145 2909 1269 2970 audiret*

161 2999 232 3072 dici,
249 2999 356 3057 nedum
372 2999 436 3076 ipse
451 2999 541 3064 literis
557 2999 756 3078 consignaret.
810 3050 813 3061 .

199 3091 327 3150 Videtur
340 3093 486 3152 nonnullis
501 3093 548 3151 hio
569 3112 631 3152 esse
645 3092 838 3162 Theocriues,
861 3093 898 3153 ad
922 3113 1010 3172 quem
1029 3092 1134 3153 alludit
1150 3094 1261 3154 Demo·
1347 3146 1350 3151 ,

161 3185 293 3265 sthenes,¹
305 3185 472 3244 AEschinem
488 3185 688 3246 adversarium
704 3186 865 3263 exagitans,
880 3212 911 3245 π.
925 3186 1006 3266 Eup.
1021 3192 1045 3257 ξ.
1059 3187 1111 3262 ρξ’.
1123 3184 1174 3246 fin.
1187 3193 1262 3269 λαμ-

161 3280 384 3358 προφωνότατος,
401 3280 657 3357 μνημονικώτατος,
677 3281 828 3356 ὑποκριτὴς
844 3281 973 3356 ιἄριστος,
995 3278 1162 3353 τραγικὸς
1186 3286 1264 3340 θεο-

162 3375 212 3444 κρί
221 3387 303 3440 νηςω
333 3369 376 3426 Sit
391 3368 430 3427 itn
446 3369 536 3427 sane!
559 3367 669 3428 Verum
686 3368 768 3445 quod
784 3368 849 3426 haec
864 3377 1011 3445 postrema
1025 3368 1054 3426 in
1068 3368 1261 3431 Proverbium

161 3460 272 3532 abiere,
288 3469 320 3518 ut
336 3461 473 3519 Erasmus
488 3459 625 3538 opinatus
641 3469 696 3534 est,
711 3459 740 3517 id
756 3460 945 3519 vehementer
959 3459 1076 3518 dubito.
1117 3462 1263 3542 Hierony-

161 3572 228 3611 mus
242 3561 323 3611 certc
338 3572 397 3612 nou
413 3553 447 3611 iis
467 3552 649 3630 adoginlihus
665 3572 734 3610 usus
756 3561 814 3628 est,
837 3553 900 3623 sed,
915 3553 941 3610 si
954 3552 1198 3613 emendatissimis
1212 3577 1263 3615 ex-

162 3645 344 3722 emplaribus
364 3645 545 3704 credendum
561 3655 617 3719 est,
629 3647 670 3715 ito
685 3645 820 3722 scripsit:
845 3645 1015 3724 Ubicunque
1030 3644 1159 3704 viderint
1176 3646 1263 3706 Chri-

162 3739 307 3807 stianum,
333 3740 435 3796 statim
459 3737 538 3798 illud
563 3738 598 3798 de
622 3739 733 3798 trivio:
760 3739 924 3818 ὁΓραῖκὸς,
946 3741 963 3798 ὁ
985 3737 1127 3810 ἐπιθέτης.
1169 3741 1265 3820 Epist.

163 3833 293 3890 XLVll.
316 3830 353 3891 ad
369 3831 495 3906 Furiam,
511 3832 548 3891 de
564 3832 714 3892 Viduitate
729 3833 882 3892 servanda.

205 3923 307 4000 Hujus
323 3924 473 3986 Orationis
483 3928 576 3986 Actor
589 3925 645 3986 fuit
656 3925 818 4004 Epichnres
827 3926 955 4004 quidam,
968 3927 1169 4009 postOlymp.
1182 3929 1264 3991 CIX.

163 4029 194 4081 1.
218 4019 379 4079 Tortor.
