2959 4950
206 237 293 393 φοι
502 289 527 353 r.
551 288 751 354 rurrour
776 286 1019 353 ruffirurm

216 428 311 507 οίομαι
335 420 490 501 διαγνῶναι
516 396 630 505 ῥᾳδίάς,
653 426 770 503 πότερον
795 425 1065 504 Δημοσθένους
1095 423 1183 495 ἐστίν,
1207 425 1225 493 ἢ
1246 423 1319 483 Λα·

216 544 235 577 σ
243 524 277 577 ίο
287 544 313 579 ν.
333 520 471 590 τοσαίιτην
484 520 510 577 οἱ
524 529 697 599 χαρακτῆρες
708 520 857 597 ὁμοιότητα
867 519 939 596 πρδς
953 520 1098 605 ἀλληλοις
1107 515 1218 601 ἔχουσι.
1229 524 1321 575 τοιοῦ-

216 613 265 677 τός
278 612 337 671 ἔστι
350 614 396 669 καί
406 613 421 669 δ
431 611 502 688 πρὸς
514 610 732 688 Ἀπολλόδωρον
744 610 812 691 ὑπὲρ
818 610 988 690 Φορμίωνος,
1000 612 1046 667 καί
1060 610 1076 667 ὁ
1089 612 1149 668 κατ’
1162 608 1321 689 Ὀλυμπιο·

216 702 304 782 δάρον
318 714 368 774 τῆς
381 702 508 778 βλάβης,
523 706 597 763 καὶὸ
612 704 682 782 πρὸς
696 704 819 765 Βοιωτὸν
832 703 902 783 ὑπὲρ
915 711 964 763 τοῦ
976 705 1126 782 ὀνόματος,
1141 708 1214 774 ἥ,·τε
1232 705 1320 781 πρὸς

218 794 449 876 Εὐβουλίδην
462 795 542 875 Ἔφε
552 802 607 861 σίς
627 820 651 855 κ.
663 821 688 855 τ.
703 800 733 855 λ.
772 796 897 874 Dionys.
913 796 1011 859 Hatic.
1027 820 1058 854 π.
1073 806 1123 867 τῆς
1133 795 1207 875 Δημ.
1218 796 1320 857 δεινάτ.

153 876 159 889 ’
217 898 241 967 ς.
257 894 306 949 la.
339 888 448 947 Verum
462 897 613 966 utcunque
625 907 659 948 ca
675 908 719 947 res
734 889 783 961 sit,
798 908 855 947 nou
869 889 1002 949 adducor
1011 910 1048 948 er
1062 888 1140 947 notis
1153 888 1217 947 istis
1231 882 1320 949 cisre-

217 982 371 1059 anteginis,
386 991 418 1042 ut
439 983 476 1041 ad
501 982 698 1059 antiquiorem
719 991 802 1051 natu,
816 1001 906 1059 quam
926 982 1166 1053 Demosthenem,
1179 982 1318 1059 protinus

177 1068 198 1155 ,ι’
210 1063 367 1136 referrem.
391 1074 450 1143 Qui
465 1075 541 1133 euim
558 1075 679 1153 Olymp.
695 1073 820 1133 xcvtt.
836 1074 866 1132 in
881 1075 977 1133 iucem
990 1074 1089 1135 editus
1102 1084 1175 1145 erat,
1189 1094 1244 1133 cur
1258 1093 1318 1133 non

176 1175 201 1249 ζ.
217 1186 269 1245 per
283 1164 399 1227 estatem
416 1167 442 1225 ei
462 1168 593 1227 licuisset
610 1167 733 1245 Oi‘ymp.
749 1164 843 1225 cvtt.
865 1167 910 1224 vei
932 1166 1043 1226 cvtlt.
1062 1167 1107 1226 vei
1128 1166 1216 1226 etiam
1233 1166 1321 1225 ctx.

187 1248 332 1323 w<tritticum
340 1258 420 1336 apud
428 1259 548 1335 judices
557 1259 668 1329 dicere,
684 1267 715 1319 et
729 1268 851 1319 matrem
864 1277 954 1336 porro
968 1259 1151 1337 superstitem
1166 1258 1300 1318 haberet

231 1338 243 1349 “
257 1336 356 1410 Multo
368 1353 460 1411 miuus
471 1352 566 1412 ducor
580 1372 614 1411 ea
625 1350 704 1423 crisi,
715 1372 785 1429 quoe
798 1360 934 1410 movetur
943 1354 1008 1429 περί
1018 1358 1066 1410 τοῦ
1079 1352 1318 1432 ἀποψηφίζεσθαι,

217 1454 252 1504 ut
266 1445 330 1503 haec
347 1446 733 1523 Demostheniabjudicem.
775 1444 871 1504 Nobis
886 1462 945 1503 non
959 1444 1096 1524 displicet
1107 1465 1176 1504 usus
1187 1444 1247 1516 itte,
1263 1446 1315 1523 qui

134 1592 139 1611 ,
217 1537 281 1596 aliis
290 1556 392 1610 novus,
402 1538 447 1596 vel
458 1539 544 1597 etism
555 1537 704 1597 absurdus
719 1557 785 1596 esse
797 1537 924 1598 videtur.
937 1538 1051 1599 Contra
1063 1538 1181 1598 easrero
1192 1536 1314 1609 scimus,

217 1630 401 1707 Scriptorem
416 1631 548 1691 Atticum
563 1650 621 1691 non
638 1631 768 1709 potuisse
782 1630 949 1691 accuratius
961 1640 992 1691 et
1002 1631 1168 1710 expressius
1176 1650 1237 1689 rem
1249 1648 1314 1690 earn

214 1722 378 1801 designare,
403 1742 492 1800 quam
519 1726 549 1783 in
578 1724 676 1783 animo
704 1722 842 1783 instituit.
893 1723 1049 1786 Ordinsrie
1074 1722 1194 1801 quidem
1219 1722 1316 1801 judex

215 1815 443 1896 ἀποψηφίζεσθαι
464 1816 583 1887 dicitur,
607 1836 677 1877 cum
699 1817 736 1876 ad
758 1816 881 1877 salutem
897 1816 1086 1897 pronunciat,
1107 1825 1199 1893 atque
1223 1816 1256 1874 td
1282 1826 1316 1875 nt

215 1908 374 1985 plurimum
388 1909 514 1969 obtinet.
555 1912 596 1968 At
614 1930 683 1969 vero
701 1929 769 1968 cum
790 1896 952 1969 instituitur
970 1909 1136 1989 διαψήφισις
1153 1910 1185 1967 ἐν
1204 1908 1315 1987 δήμοις,

215 2016 283 2059 cnm
299 2000 501 2079 unusquisque
517 2002 648 2080 Populus
663 2002 701 2061 de
716 2012 794 2065 statu
810 2022 928 2065 suornm
949 2002 1123 2062 sententiam
1136 2000 1214 2062 ferre
1232 2011 1316 2060 tene·

217 2100 282 2151 tur:
304 2112 483 2170 cumquest
501 2095 670 2173 reprobant,
689 2094 918 2175 ἀποψηφίζεσθαι
936 2095 1086 2167 dicuntur,
1099 2104 1204 2162 cunm
1225 2114 1317 2173 qnam

19 2180 25 2193 ’
124 2203 131 2219 “
215 2202 250 2244 ea
263 2204 321 2244 vox
339 2186 515 2264 generaliter
533 2186 666 2246 adhiberi
681 2188 766 2248 solet.
806 2188 929 2256 Φίλλοις
952 2186 1172 2268 δί-ίψηφίζοντο
1187 2188 1316 2248 -οί·κατά

214 2276 319 2357 δήμους
326 2276 498 2351 δικάζοντες,
509 2268 552 2347 οίς
565 2280 735 2360 ἐπέγραφον,
750 2280 773 2339 εί
787 2305 830 2347 τις
840 2285 883 2348 ὡς
896 2273 1116 2358 παρίγγραπτος
1128 2280 1260 2359 ἐκρίνετο.
1272 2280 1318 2339 καὶ

214 2371 246 2431 τδ
260 2382 441 2447 καταγνῶναι
461 2374 587 2432 ἐκαλεῖτο
609 2374 861 2453 ἐκφαλλοφορησαι,
880 2376 927 2432 καὶ
949 2374 965 2431 δ
985 2375 1218 2450 κατεγνωσμένος
1236 2372 1315 2434 ἐπε·

214 2466 471 2545 φολλοφορηρίνος.
500 2466 657 2544 ὠνομάζετο
682 2464 711 2525 δὲ
734 2466 838 2526 ratris
862 2474 945 2526 τοῦτο
971 2464 1313 2546 ἀποψηφίσασθαι,

86 2566 94 2582 ⁸
214 2560 261 2615 resi
273 2559 517 2638 ἀπεψηφισμένον,
530 2561 707 2626 ἀπεναντίιος
728 2559 759 2619 τὸ
778 2559 890 2635 (malim
911 2561 962 2639 τῷ)
980 2561 1058 2636 παρὰ
1077 2565 1136 2624 τοῖς
1156 2557 1318 2625 δικασταῖς.

212 2651 269 2707 ε’κεῖ
279 2655 335 2729 γὰρ
349 2651 380 2709 τδ
394 2651 635 2732 ἀποψηφίσασθαι
647 2653 679 2712 τδ
694 2655 807 2733 ἀφεῖν
815 2675 852 2711 αι
865 2654 956 2711 ἐστίν·
967 2652 998 2710 ἐν
1011 2649 1040 2709 δὲ
1053 2657 1113 2717 τοῖς
1127 2655 1200 2709 κατὰ
1210 2650 1315 2731 δήμοις

213 2741 412 2820 δικαστηρίοις,
437 2745 503 2804 ἀντὶ
526 2755 586 2816 τοῦ,
607 2740 945 2825 καταψηφίσασθαι
966 2745 1105 2802 τάττεται.
1147 2742 1256 2801 Pollux
1279 2745 1313 2804 L.

213 2834 298 2894 Vssl.
314 2837 349 2894 C.
364 2836 401 2895 V.
419 2842 508 2912 §.180
549 2837 634 2896 Κατὰ
650 2835 678 2894 δὲ
693 2847 750 2896 τῶν
764 2837 1074 2914 παρεγγεγραμμένων,
1093 2839 1188 2906 ξενίας
1206 2839 1314 2914 γραφὴ,

164 2923 170 2934 ’
211 2929 259 2984 καὶ
279 2925 450 3006 δαροξενίας,
469 2930 507 2988 ἂν
522 2928 702 3009 ’διαφθείρωσι
725 2927 791 2995 τοδς
814 2928 986 2996 δικάζοντας.
1007 2926 1070 2986 ὁδὶ
1088 2926 1313 3000 καταδικασθείς,

213 3017 339 3098 άπεψη
348 3034 386 3102 φι
397 3045 443 3100 σμ
453 3027 467 3080 ί
476 3046 492 3081 ν
501 3047 515 3080 ο
523 3047 547 3092 ς,
569 3023 894 3103 ἐκπεφολλοφορημένος.
914 3024 961 3079 καὶ
975 3026 1009 3080 τὰ
1021 3023 1133 3101 ῥήματα
1146 3045 1317 3101 παρεγγρσ.

211 3123 308 3193 φῆναι,
323 3118 414 3184 ξενίας
428 3116 548 3184 ἁλῶναι,
563 3115 656 3187 ξενίας
670 3116 841 3194 ἀποφυγεῖν,
855 3108 1160 3192 ἐκπεφνλλοφορῆσθαι,
1178 3115 1316 3189 ἀποψη·

213 3209 416 3284 φίσαοθαι.
459 3205 882 3279 tdemL.l!1.C.1V.§.t›s.
904 3207 1230 3286 ἀποψηφίζονται,
1251 3209 1317 3278 ἀντὶ

118 3327 123 3337 ·
214 3303 265 3356 τοῦ
285 3295 514 3366 καταδικάζουσιν
537 3299 625 3358 αδτδν
646 3302 685 3378 μὴ
702 3296 780 3358 sivae
802 3302 939 3368 πολίτην.-
954 3300 1111 3378 Δείναρχος
1131 3300 1166 3356 ἓν
1186 3303 1226 3378 τῷ
1247 3304 1320 3358 κατὰι

214 3389 434 3470 Ἀρχεστράτου,
449 3393 494 3448 καί
512 3392 740 3473 ἀποψήφισιν
761 3389 790 3449 δὲ
805 3391 837 3449 τδ
849 3399 971 3468 πρᾶγμα
989 3393 1069 3466 λέγει
1082 3390 1264 3469 Λημοσθένης
1282 3393 1317 3454 ἐν

212 3483 249 3564 τῇ
262 3483 332 3560 πρδς
345 3480 633 3564 Εὗβονλίδηνέφίσει.
658 3484 806 3559 Ηιτροαῐ.
822 3482 854 3541 itt
867 3501 895 3542 v,
922 3483 959 3540 U
975 3507 1019 3550 τις
1031 3485 1109 3554 ξένος
1124 3482 1218 3554 &fier
1230 3481 1315 3556 εἶναι,

212 3578 260 3635 καί
281 3580 314 3635 οίι
334 3579 462 3652 πολίτης,
476 3583 575 3635 τοῦτον
595 3577 627 3635 ἐν
648 3584 711 3643 ταῖς
732 3576 916 3656 διαψηφίσεσι
935 3586 990 3635 τῶν
1008 3574 1317 3657 δάμιον-ἀπεψηφί-

213 3671 324 3736 ζοντο
345 3668 371 3726 oi
391 3666 520 3744 δημόται,
541 3672 584 3726 καί
607 3671 725 3745 ἐλέγετο
746 3671 767 3726 ἀ
775 3670 953 3750 πεψηφισ
961 3668 1317 3747 μ’ίνοςιείταίείσήγετο

213 3765 255 3827 είς
275 3762 306 3820 τδ
327 3761 514 3838 δικαστήριον,
528 3765 575 3819 καί
587 3762 709 3840 ἐκρίνετο
724 3767 825 3833 ξενίας,
847 3764 892 3819 καί
910 3764 934 3819 εί
954 3764 1009 3840 μὲν
1029 3759 1116 3841 ἓάλίι,
1132 3762 1318 3841 ἐπιπράσκετο

213 3857 251 3920 ὥς
265 3859 351 3926 ξένος·
366 3861 392 3914 εί
408 3852 436 3912 δὲ
456 3855 572 3934 ἐκράτει,
588 3853 807 3934 ἀνελαμβάνετο
827 3859 870 3921 είς
888 3858 943 3925 τὴν
962 3859 1120 3915 πολιτείαν.
1133 3853 1206 3915 οὕτω
1220 3855 1315 3935 Δημο·

215 3949 325 4017 αθένης.
367 3947 474 4006 Suidas
488 3967 515 4005 v.
529 3945 795 4028 Ἀποψηφισδέντα.
836 3946 900 4005 Ἐπί
920 3955 982 4013 τοῖς
1002 3946 1101 4027 δήμοις
1122 3949 1317 4027 ἀποψηφίσεις

213 4039 346 4114 ἐγίνοντο
365 4050 421 4099 τῶν
436 4046 643 4120 γεγραμμένων
656 4039 709 4120 μὲν
727 4042 768 4106 τίς
787 4043 819 4097 τὸ
838 4038 1020 4118 ληξιαρχικὸν
1041 4046 1320 4119 wesprimiensis

212 4133 304 4192 ὄντων
317 4132 348 4191 δὲ
361 4136 465 4204 ἀστῶν,
479 4135 557 4191 ἀλλὰ
573 4119 872 4213 πορεγγεγραμμέιῖαν
885 4137 929 4200 είς
941 4141 993 4203 τὴν
1007 4137 1164 4192 πολιτείαν·
1179 4137 1226 4191 καί
1242 4132 1321 4196 οὗτοι

214 4227 346 4299 ἐλέγοντο
366 4227 701 4306 ἀπεψηφισμένοι,
723 4225 828 4299 ἐπειδὴ,
844 4226 1115 4306 ψίηφονπερίαίιτης
1127 4225 1320 4305 ἐπαχθείσης,

210 4321 446 4400 οίικίτιρετείχον
464 4333 513 4393 τῆς
531 4320 686 4388 πολιτείας.
728 4319 813 4379 Idem
826 4319 856 4380 in
870 4319 1100 4400 Ἀπεψηφίσατο.
1140 4319 1182 4379 Oi
1200 4325 1321 4382 πολῖται

215 4415 346 4471 συνίασιν
365 4413 477 4474 ἔκαστοι
499 4419 570 4474 κατὰ
590 4415 655 4482 τοδς
677 4417 781 4493 αδτῦν,
802 4413 930 4491 καὶπερὶ
950 4422 1007 4472 τῶν
1027 4416 1125 4472 cirins
1144 4412 1322 4492 ι’χόντιον,ι“ὶ
