2959 4950
345 326 411 391 AD
434 324 508 392 ΟΒ.
531 309 776 390 ADVERSUS
793 269 1087 391 ·EUBUL1DEM.
1165 265 1265 421 =303¹

154 458 462 544 1ίτιιρεγγιεγριιριμένισν
482 466 522 529 είς
543 466 594 533 τήν
614 466 774 534 πολιτείαν,
794 441 1024 542 mosellum
1048 451 1180 539 κρύβδην,
1196 462 1261 541 οἷον.
1361 513 1366 529 ἱ

156 557 311 639 Ἀχαρνιῖς
325 558 387 634 περὶ
396 556 578 637 ιἈχαρνέων,
600 557 646 613 καὶ
660 557 721 632 περὶ
734 555 917 613 Ἐλευσινίων
929 556 957 614 αἶ
968 554 1147 625 Ἐλευσίνιοι,
1165 556 1212 613 καὶ
1229 558 1257 616 οἱ

148 652 249 709 λοιποὶ
263 648 382 728 δημόται
395 648 610 724 παραπλησίως.
632 650 679 705 καὶ
691 654 773 707 τοῦτο
789 646 997 728 διαψήφισις
1011 652 1150 707 καλεῖται.
1163 650 1258 725 οἱμὲν

155 740 203 802 οάν
213 743 355 800 πλειόνων
366 740 465 819 ψήφων
477 740 667 819 τυγχάνοντες
682 736 943 818 ἀναμφισβητήτως
957 742 1008 809 τήν
1017 744 1164 801 πολιτείαν
1171 740 1262 818 ἔχονι.

157 854 212 895 σιν·
228 835 291 894 άσοι
306 834 329 892 δ’
338 836 376 893 ἂν
388 835 542 901 ἐλάττονας
557 835 667 913 ψήφους
679 832 822 907 λάβωσιν,
831 837 921 893 οίικέτι
936 838 1108 913 νομίζονται.
1119 838 1166 893 καὶ
1178 843 1259 897 τοῦτό

156 930 266 999 ι’στινή
286 928 446 1007 ιίποψήφ
457 946 465 985 ι
475 950 545 992 σις.
566 927 662 985 ⁴Idem
677 926 706 984 in
726 926 908 1006 Διαψήφισις.
928 926 1060 1002 Ἐγένετο
1074 926 1102 985 δὲ
1118 929 1259 1008 [Ἕφισις]

157 1024 312 1105 Ἀθήνῃσιν
324 1022 371 1079 ἐπὶ
383 1030 441 1079 τῶν
454 1020 485 1079 ἐν
498 1025 557 1085 τοῖς
570 1020 668 1097 δήμοις
689 1022 737 1077 α’ττ
746 1019 928 1099 οψηφισθέ
937 1044 1002 1078 ντυ
1011 1042 1037 1079 ν.
1058 1019 1189 1100 ἐφεῖσθαι
1202 1026 1259 1101 γὰρ
1326 1082 1331 1095 ,

159 1112 244 1180 αὖθις
261 1114 329 1185 όξῆν
356 1116 455 1178 αὐτοῖς
483 1114 520 1178 εἰς
547 1110 723 1191 δικαστήριον
745 1114 809 1185 περὶ
835 1122 885 1181 τῆς
908 1116 1066 1183 πολιτείας,
1091 1116 1136 1173 καί
1160 1117 1183 1173 ei
1206 1114 1259 1193 μὲν
1373 1187 1381 1197 .

159 1205 301 1277 ἑάλωσαν,
315 1206 478 1263 {omnum
491 1209 529 1271 ὡς
543 1208 623 1275 ξένοι·
637 1208 662 1262 εί
677 1202 705 1261 δὲ
718 1205 768 1281 μὴ,
782 1203 940 1263 ἔπανίεσαν
952 1207 992 1271 εἰς
1009 1202 1083 1275 roric,
1100 1206 1129 1277 ἐξ
1146 1202 1186 1268 dr
1198 1208 1261 1278 ἐξά·

57 1351 58 1359 ,
160 1296 285 1369 σδησαν,
300 1296 415 1374 δήμους.
438 1296 537 1374 Etym.
553 1297 598 1353 Μ.
612 1297 780 1375 effluens
793 1296 851 1354 col.
865 1302 937 1355 401.
969 1296 1058 1354 Adde
1074 1297 1260 1359 Vale8.Not.

160 1390 195 1449 ad
219 1390 367 1467 Harpocr.
388 1408 418 1466 p.
439 1394 492 1448 20.
512 1393 583 1449 243.
606 1388 790 1467 potissimum
805 1406 875 1447 vero
897 1389 1047 1448 Maussac.
1069 1390 1112 1448 ud¹
1127 1410 1194 1468 pag.
1209 1398 1260 1453 43.

160 1482 340 1559 Harpocrat.
355 1489 386 1541 et
402 1482 715 1559 Budoeumpag.·146.
733 1480 815 1540 Edit.
835 1483 960 1539 Ascens.
974 1486 1064 1542 1529.
1085 1482 1209 1543 Salmas.
1222 1484 1261 1543 de

160 1576 205 1635 M.
217 1575 258 1635 U.
274 1593 341 1652 pag.
356 1581 425 1637 751.
440 1580 509 1637 752.
531 1574 677 1653 [Dorvllle
692 1573 729 1632 ad
745 1573 902 1633 cunnos.
914 1594 944 1651 p.
955 1579 1005 1637 57.
1019 1575 1118 1635 Voles.
1134 1575 1171 1635 ad
1185 1576 1262 1635 Har*

159 1686 242 1745 poor.
256 1684 288 1755 p.
304 1673 353 1727 20.
367 1672 416 1725 40.
431 1664 500 1725 243.
521 1668 629 1743 Ἀποψ.
645 1667 728 1727 Suid.
743 1688 770 1726 v.
782 1666 1169 1746 Ἀπιψηφίσατο.Ἕκλειψις.
1189 1671 1263 1732 Nor.

160 1761 198 1821 nd
220 1761 304 1821 Suid.
318 1760 391 1820 Not.
406 1760 444 1820 od
467 1762 553 1821 Dens.
575 1781 631 1839 pro
651 1762 840 1839 Ctesiphont.
863 1762 982 1839 Ulpian.
998 1763 1088 1827 Petit.
1108 1765 1176 1825 seh.
1194 1768 1261 1825 Ari·

159 1854 257 1931 stoph.
272 1854 423 1912 TArLoa
438 1854 469 1912 in
484 1852 619 1929 schedia]
642 1854 774 1935 [Corsin.
787 1854 865 1917 διαί.
878 1856 943 1915 Att.
955 1874 1018 1933 par.
1031 1854 1055 1917 l.
1065 1855 1095 1917 d.
1106 1856 1141 1917 V.
1153 1863 1177 1931 ς.
1190 1858 1261 1940 Vl.]

162 1947 238 2006 Haec
258 1955 358 2005 antem
379 1946 447 2005 ideo
467 1966 486 2006 a
506 1966 552 2005 me
574 1946 663 2026 paulo
683 1946 781 2007 fusius
800 1947 999 2022 deducuntur,
1019 1948 1262 2029 quon'umrquae

162 2040 231 2113 dixi,
247 2039 400 2099 stabilient
420 2039 636 2099 insolentiorem
657 2060 721 2099 eam
737 2043 818 2100 vocis
835 2041 1056 2119 proprietatem,
1071 2051 1104 2101 et
1117 2044 1263 2122 quodam·

162 2134 252 2192 modo
261 2151 320 2191 una
332 2141 594 2191 enarrantcausam
606 2142 638 2191 et
648 2130 747 2191 sedem
760 2132 848 2209 hujus
860 2133 1022 2203 Orationis,
1031 2152 1091 2211 qua
1100 2135 1264 2195 Euxitheus

161 2228 254 2285 asnis
268 2224 401 2305 δημόταις
421 2226 586 2299 damnatus,
601 2225 660 2284 sive
680 2224 900 2305 α’ποψηφισόεὶς,
921 2233 1065 2303 provocat
1079 2225 1116 2285 ad
1132 2226 1261 2299 Curiam,
1371 2265 1374 2269 ⁴
1391 2273 1394 2280 .

162 2318 330 2397 Populique
344 2317 564 2379 auctoritatem.
595 2319 638 2377 Ea
653 2318 756 2394 ntique
770 2317 943 2394 provocatio
956 2309 1002 2377 est
1013 2318 1141 2398 Ἔφεσις.
1176 2318 1263 2379 Unde

161 2412 227 2473 hec
247 2412 327 2471 actio
348 2410 409 2470 sive
430 2412 525 2471 oratio
545 2430 564 2469 a
585 2410 728 2489 magistris
750 2420 895 2489 perpetuo
908 2410 1027 2488 Ἔφεσις
1044 2408 1262 2489 appellabatur.

158 2507 305 2584 Harpocr.
320 2525 348 2564 v.
360 2503 488 2584 Ἔφεσις.
509 2505 568 2577 iti}
579 2504 673 2582 ἑτέρον
688 2502 865 2587 δικαστηρίου
878 2509 918 2571 είς
933 2505 1025 2581 ἕτερον
1045 2508 1207 2582 μεταγωγή.
1222 2541 1262 2550 -

157 2599 354 2676 Δημοσθένους
376 2599 466 2672 λόγος
485 2598 561 2657 ἐστίν
585 2598 888 2680 ἓτργραφόμενος,
906 2596 1053 2677 Ἔφεσις
1080 2598 1175 2676 πρὸς
1199 2599 1262 2657 Ei·

158 2690 293 2764 βουλίδ
300 2716 350 2763 ην.
372 2691 403 2749 ἐν
413 2690 446 2768 δὲ
470 2692 604 2770 τῷλόγῳ
624 2692 710 2769 τοάτφ
730 2689 869 2756 πολλάκις
886 2678 967 2748 ’ἐστὶν
986 2690 1146 2768 ἡἜφεσις,
1167 2692 1264 2752 καὶτὸ

159 2785 286 2865 Ἐφεῑναι
305 2785 389 2864 ῥῆμα.
1064 2782 1066 2785 ’

201 2877 371 2936 Eorundem
391 2876 594 2954 magistrorum
609 2875 804 2933 constantiam
822 2894 943 2951 quoque
965 2883 995 2932 et
1017 2875 1185 2952 religionem
1208 2884 1264 2935 no'n
1285 2922 1292 2932 .

158 2969 262 3030 inutile
281 2970 337 3028 erit
351 2954 518 3039 observare,
534 2987 550 3026 a
567 2967 795 3044 qulbuseadem
815 2966 911 3025 oratio
930 2975 1078 3043 perpetuo
1096 2970 1189 3045 πρὸς
1207 2971 1263 3026 En-

158 3061 299 3137 βουλίδην
318 3061 496 3121 inscribitur.
540 3059 572 3119 Si
591 3068 773 3137 accusasset,
789 3057 932 3137 inscripta
949 3066 1028 3116 esset
1049 3059 1149 3136 ntique
1173 3067 1263 3120 κατὰ

158 3153 349 3228 Εόβονλίδου,
364 3175 422 3214 non
438 3155 531 3230 πρὸς
551 3149 742 3226 Εὐβουλίδην.
783 3151 830 3210 lta
844 3171 879 3209 en
893 3151 1000 3224 oratio,
1011 3172 1071 3228 qua
1087 3155 1263 3214 Demosthe-

158 3269 213 3314 nes¹
230 3248 400 3307 AEscltinem
415 3247 575 3326 exagitavit
590 3246 630 3304 ob
645 3246 822 3323 legationem
837 3245 912 3303 mala
927 3243 986 3303 lide
997 3254 1119 3322 gestam,
1134 3234 1264 3309 abanti-

157 3341 316 3420 quioribus
343 3360 401 3400 uno
425 3360 485 3412 ore,
509 3338 838 3420 carolingiorum
864 3329 1045 3411 AEselrinem,
1070 3337 1188 3410 dicitur,
1204 3341 1264 3414 ¹illa

158 3434 263 3502 altera,
280 3452 340 3511 qua
354 3431 577 3510 Ctesiphontem
597 3431 742 3488 adversus
760 3429 929 3489 AEschinem
943 3429 1087 3496 defendit,
1104 3449 1264 3507 nunquam.

159 3525 214 3584 Sic
230 3524 354 3583 dicimus
368 3525 438 3602 πρὸς
449 3523 607 3594 Λεττίνην;
623 3527 727 3582 contra
743 3522 789 3580 vel
804 3520 941 3578 adversos
957 3515 1121 3596 Leptinen,
1137 3531 1265 3582 attamen

159 3620 236 3676 κατὰ
249 3616 377 3689 Μειδίου,
389 3615 591 3696 Τιμοκράτους,
607 3623 660 3673 aut
672 3613 915 3692 Ἀριστοκράτους,
929 3614 962 3670 itt
978 3613 1102 3671 Midiam
1116 3622 1175 3673 ete.
1210 3617 1264 3674 Se-

158 3711 224 3769 rior
238 3719 321 3779 aetas,
337 3722 426 3786 atque
443 3708 508 3767 lraec
523 3716 632 3778 nostra,
648 3724 705 3763 non
720 3725 768 3773 eo,
783 3711 844 3782 quo
859 3715 957 3762 tamen
972 3704 1087 3772 debuit,
1101 3725 1154 3764 nsa
1168 3716 1214 3767 est
1228 3708 1266 3768 ri·
1342 3692 1352 3741 ⁰·

159 3821 234 3880 gore
248 3811 278 3859 et
292 3800 454 3878 diligentia.
496 3800 573 3868 Vide
594 3798 673 3857 istud
696 3797 843 3856 socordiae
857 3793 1084 3875 eisprobrantem
1101 3798 1265 3862 Robortell.

160 3894 320 3954 Emendat.
341 3882 431 3952 T.'11.
454 3893 535 3971 apud
558 3892 679 3950 Gruter.
701 3891 737 3948 C.
759 3889 918 3948 xxxvll.
940 3908 970 3966 p.
991 3895 1040 3948 63.
1062 3901 1091 3948 et
1115 3911 1182 3968 quae
1208 3913 1267 3953 non

159 3987 270 4046 inscite
294 3987 332 4044 de
357 3985 412 4044 hac
437 4005 468 4044 re
492 3983 644 4044 annotavit
664 3984 780 4042 Auctor
803 3981 973 4061 posterioris
1000 3984 1176 4059 Argumenti
1197 3986 1267 4064 πρὸς

159 4079 323 4150 Λεπτίνην.
521 4075 522 4080 ’

207 4174 282 4230 Sane
294 4170 410 4229 videtur
422 4170 459 4228 ad
472 4189 528 4227 -nos
544 4178 733 4244 nostramque
746 4175 864 4225 aetatem
874 4165 987 4242 integra
1001 4186 1058 4225 nou
1070 4166 1267 4240 descendisse,

159 4284 233 4325 cunr
255 4267 318 4322 hacc
340 4261 447 4320 habeat
470 4261 618 4338 Harpocr..
639 4259 754 4328 Sunius,
774 4269 805 4316 et
819 4257 952 4316 Photius.
969 4259 1037 4316 MS.
1051 4257 1156 4334 Πόρος.
1178 4262 1270 4338 Δημο.

158 4355 270 4428 culm
289 4356 320 4414 ἓν
336 4355 370 4440 τῇ
383 4355 453 4432 πρὸς
473 4343 653 4426 Εὐβουλίδην
672 4351 773 4432 ἐφέσει.
794 4349 881 4427 δῆμος
899 4362 949 4419 τῆς
961 4349 1167 4427 Ἀκαμαντίδος
1181 4352 1269 4412 όΠό-

158 4475 223 4534 ρος,
245 4451 290 4508 καὶ
311 4447 327 4506 ό
348 4446 478 4526 δημότης,
499 4445 617 4524 Πόριος.
658 4443 699 4502 Nl
720 4438 808 4520 igitur
822 4440 929 4518 Populi
943 4440 1071 4516 alicujus
1084 4459 1202 4519 nomen,
1216 4467 1268 4506 cu-
