2959 4950
205 238 290 327 364
451 264 478 333 1.
500 266 698 334 ruuuoru
722 252 1075 374 pensandae„

38 482 41 491 ,
156 402 165 417 ’
207 428 291 510 Quor
310 428 489 492 nominasset
508 430 628 506 utinam,
642 440 675 493 ut
688 450 743 492 nos
756 450 877 512 quoque
892 402 1069 519 moeremus,
1083 448 1184 526 eorum
1199 436 1305 489 aueto-

207 520 293 582 ritate
346 522 451 582 rmotii

249 540 451 693 Messerotecro
466 634 523 676 non
541 614 645 694 pudet
654 611 764 687 dicere,
776 636 853 696 opus
867 634 932 677 esse
947 602 1179 693 putidissimum,
1200 611 1309 675 nullius

197 712 259 767 'aut
273 707 400 778 decoris,
414 716 466 767 aut
478 710 647 787 gravitatis:
668 719 700 769 et
713 719 822 789 praeter
836 729 937 769 naevos
950 709 1102 781 ora-tionis,
1117 708 1228 786 quibas
1243 727 1311 786 pas·

209 902 262 951 aut
276 892 384 952 morari
397 893 514 953 demum
528 902 637 972 potest.
680 894 733 953 Est
748 903 845 952 autem
860 891 965 953 Oratio
979 892 1049 953 satis
1069 892 1204 971 antiqua,
1221 901 1253 952 et
1267 893 1311 951 vi·

208 984 297 1043 detur
308 985 346 1044 ad
362 1006 445 1045 usum
460 985 604 1046 sorensem
626 984 714 1045 fuisse
736 988 916 1063 conscripta,
930 1004 990 1044 nnn
1009 986 1047 1045 ad
1069 985 1310 1054 ostentationem,

209 1086 261 1136 aut
275 1071 312 1137 ad
325 1078 515 1138 imitationem
529 1079 715 1139 concinnata.
752 1080 865 1138 Passim
880 1082 957 1138 inter
969 1078 1171 1138 annotandum
1185 1077 1312 1157 suspici·

210 1168 316 1230 onibus
332 1164 627 1233 meir'auotoritatem
644 1171 756 1231 addidi.
798 1170 873 1231 lude
887 1171 983 1240 leetot
996 1181 1079 1231 meus
1095 1170 1248 1247 judicium
1262 1188 1312 1229 ea·

209 1284 280 1342 pere
301 1266 418 1345 poterit,
435 1265 553 1341 jurene,
574 1285 611 1327 an
633 1264 739 1343 injuria
760 1284 855 1343 agam,
873 1285 939 1325 eum
961 1264 1027 1324 haee
1048 1262 1144 1323 futilia
1165 1283 1228 1324 nou
1248 1283 1309 1323 aur·

210 1358 335 1435 plectar.
621 1414 624 1419 .

251 1449 388 1510 Adhaesit
401 1450 470 1509 olim
485 1450 734 1525 Demosthenicis,
750 1450 812 1509 sive
827 1446 909 1527 quod
928 1448 977 1508 hic
996 1447 1133 1528 (strictim
1151 1449 1237 1524 lieet)
1250 1469 1312 1510 me·

173 1585 177 1594 .
212 1553 342 1603 moretur
356 1542 394 1601 de
410 1544 548 1623 pedaniis
562 1543 768 1615 theatralibus,
781 1542 810 1603 in
825 1561 884 1619 qua
905 1561 995 1601 eausa
1015 1550 1128 1601 tuntum
1146 1542 1314 1620 praecelluit

212 1634 429 1694 Demosthenes
437 1657 446 1705 ;
473 1638 533 1694 sive
555 1635 636 1713 quod
658 1634 736 1696 inira
756 1634 932 1715 Phrynionis
954 1632 1110 1709 cujusdam
1131 1652 1177 1693 res
1194 1644 1315 1713 agatur,

213 1747 300 1807 quem
316 1728 435 1787 Oratori
450 1736 553 1787 nostro
565 1728 654 1787 domo
669 1737 699 1787 et
712 1726 821 1787 familia
837 1728 1030 1805 conjunctum
1051 1724 1143 1786 fuisse
1164 1727 1314 1804 auspican

213 1820 274 1879 sire
288 1816 417 1897 denique
429 1820 508 1897 quod
517 1816 735 1879 'Demosthenis
741 1818 898 1896 (nustriae,
913 1838 950 1877 an
964 1817 1093 1903 alterius,
1103 1838 1209 1900 purum
1227 1822 1315 1880 inter·

213 1916 270 1986 est)
284 1912 482 1973 testimonium
499 1914 576 1973 infra
591 1913 767 1973 adducatur.
796 1914 892 1989 Quam
909 1911 1168 1985 necessitudinem,
1183 1913 1316 1974 tenuissi-

214 2022 290 2063 mam
305 2004 384 2077 iicet,
398 2004 579 2083 superiorem
602 2004 684 2065 iilam
705 2007 866 2065 orationem
880 2026 907 2066 o.
922 2004 1129 2079 Theocrinem,
1142 2009 1252 2065 uostris
1265 2008 1315 2067 ad·

209 2093 344 2170 junxisse
358 2096 492 2159 arbitror.
534 2096 663 2173 Norunt,
678 2098 729 2175 qui
745 2098 835 2158 hasce
849 2117 895 2160 res
912 2108 1050 2168 tractant,
1066 2116 1155 2176 quam
1171 2100 1229 2158 levi
1244 2120 1315 2163 con·

215 2188 371 2250 suetudine
381 2190 511 2250 devincti
523 2192 691 2271 Scriptores
703 2190 811 2251 vetusti
821 2192 1002 2270 quaudoque
1013 2190 1098 2250 simul
1107 2192 1313 2269 conglutinati,

214 2290 246 2340 et
260 2283 316 2342 sibi
330 2282 454 2349 invicem
468 2284 622 2347 adhaerere
636 2294 852 2353 consuescaut;
875 2302 1001 2363 quorum
1017 2302 1104 2359 uuus,
1118 2284 1170 2361 qui
1184 2286 1313 2355 excellit,

214 2385 388 2435 caeterurum
399 2396 458 2437 nou
470 2378 563 2441 solum
573 2376 680 2438 murum
691 2384 722 2440 et
734 2376 988 2452 existimationem,
996 2395 1097 2436 verum
1108 2376 1196 2437 etiam
1209 2395 1313 2455 nomen

211 2488 399 2548 praegravare
414 2473 502 2535 soter

254 2558 358 2622 Videri
379 2555 478 2642 potest
499 2564 647 2628 nonnullis
668 2574 721 2625 aut
741 2564 883 2625 lacunosa
903 2584 979 2636 esse,
999 2571 1050 2623 aut
1067 2561 1190 2624 diversa
1211 2566 1251 2628 ab
1270 2586 1311 2636 aa,

214 2675 303 2732 quam
316 2655 468 2718 narrarunt
485 2657 611 2735 antiqui,
629 2675 698 2716 oum
718 2657 842 2736 legerint
860 2659 916 2716 ista
930 2655 1136 2735 Hermogenis,
1151 2657 1234 2718 Edit.
1248 2662 1311 2720 Cri·

215 2747 332 2826 spin.'p.
345 2739 552 2827 dldlrorodrdr
562 2749 622 2808 ι’στι
636 2751 682 2810 toi
695 2750 726 2810 τὸ
742 2751 773 2810 ἕν
786 2755 824 2830 τᾷ
835 2753 907 2809 rnrd
917 2745 1044 2828 Νεαίρας
1052 2747 1252 2829 ιδβελισμένον
1262 2755 1312 2812 irrd

215 2863 311 2911 τινων,
321 2839 353 2899 rd
369 2841 425 2900 ἀπὸ
439 2851 523 2926 τριλιῖιν
535 2843 718 2926 τρυπημᾶτων
729 2846 780 2914 τὴν
793 2843 935 2926 ἐργασίαν
947 2846 1115 2914 πεποιῆσθαι
1126 2853 1184 2904 etc.
1207 2845 1312 2906 deinde

214 2936 272 3020 ista
294 2933 391 3014 Etym.
408 2935 454 2994 M.
470 2940 605 3002 326.18.
627 2938 688 3008 ἐξῆν
702 2939 798 3020 μέντοι
818 2939 848 2996 ἔν
868 2941 906 3026 ,τῷ
924 2935 1089 3016 δικαστηρίῳ
1107 2937 1313 3018 καταδέχεσθαι

214 3025 279 3093 rotie
292 3027 595 3110 ε’κφυλλοφαρηθέντας,
608 3034 645 3094 ὡς
658 3033 703 3085 καὶ
713 3028 897 3103 Δημοσθένης
908 3031 992 3108 φησὶν
1001 3029 1032 3086 ἓν
1042 3032 1080 3108 τῷ
1094 3034 1166 3087 rard
1176 3029 1312 3114 Νεαίρας.

215 3118 354 3198 Adjuuge
375 3119 495 3184 Suidnm
518 3117 547 3180 in
563 3139 589 3180 r.
603 3119 876 3204 Ἐκφαλλοφορῆσαι.
923 3119 1002 3178 Nam
1016 3119 1054 3178 de
1069 3120 1104 3178 iia
1124 3120 1155 3179 in
1170 3121 1229 3189 hae
1244 3128 1312 3186 οη.

134 3225 141 3237 ·
215 3211 306 3284 tione,
314 3217 406 3292 prout
418 3209 507 3272 hodie
517 3210 651 3273 scribunt
665 3211 854 3282 membranae,
865 3211 937 3274 nihil
951 3228 1081 3290 prorsus.
1105 3212 1206 3276 Locus
1217 3226 1311 3278 tamen

215 3303 270 3361 iste
285 3301 479 3380 Hermogenis
495 3303 551 3362 erit
564 3302 639 3363 infra
653 3322 672 3365 a
686 3323 732 3362 me
745 3300 966 3380 expandendus,

257 3393 393 3459 Viderint
407 3393 575 3465 otiosiores,
590 3413 627 3454 an
650 3393 687 3454 ud
710 3395 786 3460 hane
801 3395 976 3455 Bellatuium
990 3395 1138 3474 pertinent
1152 3397 1311 3484 Inscriptio

104 3515 109 3527 a
216 3487 349 3549 adducta
363 3507 380 3546 a
395 3487 483 3550 Laur.
500 3479 647 3568 pignorio,
663 3487 798 3568 symbol.
811 3487 964 3567 Epistoiie.
979 3495 1028 3578 25.
1050 3507 1118 3572 pag.
1132 3496 1183 3552 9³.
1206 3500 1238 3552 et
1252 3493 1311 3553 rtet

216 3582 404 3648 ner‚1.126.

680 3681 851 3722 narremur

531 3761 535 3770 ·
571 3755 735 3796 xunrrunu
751 3757 799 3796 rru
814 3757 930 3797 usuum

571 3831 796 3872 enuaoernoem
810 3832 908 3874 usura

572 3907 956 3969 aemuunnromeaeoz
1010 3964 1014 3968 Α

636 4017 639 4043 ,
677 3983 826 4033 ansonem.

1074 4047 1236 4115 Tarson.
